@misc{cycu_thesis_template,
    title = {Thesis/Dissertation Template},
    howpublished = {\url{https://www.lib.cycu.edu.tw/cycu/Fpage.action?muid=440&fid=410&lang=en_US&changeLang=true}},
    author = {中原大學張靜愚紀念圖書館 | CYCU Chang Ching Yu Memorial Library},
    year = {2024},
    note = {Accessed: 2024-09-01}
}

@misc{CYCU-AIoT-System-Lab,
    title = {CYCU-AIoT-System-Lab GitHub},
    howpublished = {\url{https://github.com/CYCU-AIoT-System-Lab}},
    author = {CYCU-AIoT-System-Lab},
    year = {2024},
    note = {Accessed: 2024-09-01}
}

@misc{belongtothenight,
    title = {belongtothenight GitHub},
    howpublished = {\url{https://github.com/belongtothenight}},
    author = {Da-Chuan Chen},
    year = {2024},
    note = {Accessed: 2024-09-01}
}

@misc{apache,
    title = {Licenses},
    howpublished = {\url{https://www.apache.org/licenses/}},
    author = {The Apache Software Foundation},
    year = {2024},
    note = {Accessed: 2024-09-02}
}

@misc{overleaf_font,
    title = {Font sizes, families, and styles},
    howpublished = {\url{https://www.overleaf.com/learn/latex/Font_sizes%2C_families%2C_and_styles}},
    author = {Overleaf},
    year = {2024},
    note = {Accessed: 2024-09-03}
}

@misc{overleaf_link,
    title = {Hyperlinks},
    howpublished = {\url{https://www.overleaf.com/learn/latex/Hyperlinks}},
    author = {Overleaf},
    year = {2024},
    note = {Accessed: 2024-09-03}
}

@misc{overleaf_list,
    title = {Lists},
    howpublished = {\url{https://www.overleaf.com/learn/latex/Lists}},
    author = {Overleaf},
    year = {2024},
    note = {Accessed: 2024-09-03}
}

@misc{pifont,
    title = {pifont – Access to PostScript standard Symbol and Dingbats fonts},
    howpublished = {\url{https://ctan.org/pkg/pifont?lang=en}},
    author = {Walter Scmidt},
    year = {2024},
    note = {Accessed: 2024-09-03}
}
